@book{test,
  author    = {Nordmann, Ola},
  title     = {Testbok},
  year      = {2020},
  edition   = {1. utg.},
  publisher = {Bokutgiver AS},
  address   = {Porsgrunn}
}

@online{datatilsynet_personvern,
  author = {Datatilsynet},
  title = {Hva er personvern?},
  year = 2019,
  url = {https://www.datatilsynet.no/rettigheter-og-plikter/hva-er-personvern/},
  urldate = {2020-11-10}
}

@online{regjeringen_personvern,
  author = {Regjeringen},
  title = {Hva er personvern?},
  year = 2019,
  url = {https://www.regjeringen.no/no/tema/statlig-forvaltning/personvern/hva-er-personvern/id448290/},
  urldate = {2020-11-10}
}

@online{regjeringen_gdpr,
  author = {Regjeringen},
  title = {Ny personopplysningslov},
  year = 2019,
  url = {https://www.regjeringen.no/no/tema/statlig-forvaltning/personvern/ny-personopplysningslov/id2340094/},
  urldate = {2020-11-10}
}

@online{regjeringen_nylov,
  author = {Regjeringen},
  title = {Ny etterretningstjenestelov er vedtatt i Stortinget},
  year = 2020,
  url = {https://www.regjeringen.no/no/aktuelt/ny-etterretningstjenestelov-er-vedtatt-i-stortinget/id2705969/},
  urldate = {2020-11-10}
}